@book{kennedy2013introducing,
  title={Introducing geographic information systems with ARCGIS: a workbook approach to learning GIS},
  author={Kennedy, Michael D},
  year={2013},
  publisher={John Wiley \& Sons}
}

@article{stabler2005read,
  title={Read and write ESRI shapefiles},
  author={Stabler, Ben and Stabler, Ben},
  year={2005}
}

@article{strickland2007quantifying,
  title={Quantifying geocode location error using GIS methods},
  author={Strickland, Matthew J and Siffel, Csaba and Gardner, Bennett R and Berzen, Alissa K and Correa, Adolfo},
  journal={Environmental Health},
  volume={6},
  number={1},
  pages={10},
  year={2007},
  publisher={BioMed Central}
}

@article{komputer2008bab,
  title={Bab},
  author={Komputer, Jaringan},
  year={2008}
}

@article{kurniawanphp,
  title={PHP Mapscript Framework Solusi Praktis Untuk Sistem Informasi Geografis},
  author={Kurniawan, Yudhi}
}

@article{prasetiawan2013sistem,
  title={SISTEM INFORMASI GEOGRAFIS LOKASI ALFAMART DI KOTA MEDAN},
  author={PRASETIAWAN, EKO},
  year={2013}
}

@misc{stabler2006shapefiles,
  title={The shapefiles Package},
  author={Stabler, Ben and Stabler, Maintainer Ben},
  year={2006},
  publisher={Stand}
}

@article{surya2013sistem,
  title={SISTEM IINFORMASI GEOGRAFIS LOKASI ATM DI KOTA MEDAN BERBASIS WEB},
  author={SURYA TAMIN, HERU},
  year={2013},
  publisher={Universitas Potensi Utama}
}
@article{wetherill1990formation,
  title={Formation of the Earth},
  author={Wetherill, George W},
  journal={Annual Review of Earth and Planetary Sciences},
  volume={18},
  number={1},
  pages={205--256},
  year={1990},
  publisher={Annual Reviews 4139 El Camino Way, PO Box 10139, Palo Alto, CA 94303-0139, USA}
}

@book{whitehurst1786inquiry,
  title={An inquiry into the original state and formation of the earth: deduced from facts and the laws of nature},
  author={Whitehurst, John},
  year={1786},
  publisher={W. Bent}
}
@book{khosimgeografi,
  title={Geografi SMA/MA Kls X (Diknas)},
  author={Khosim, Amir and Marlina, Kun},
  publisher={Grasindo}
}

@misc{zuhdi2012sistem,
  title={Sistem Koordinat Geografik},
  author={Zuhdi, Mohd},
  year={2012}
}

@misc{mufidah2009pengantar,
  title={Pengantar GIS (Geographical Information System)},
  author={Mufidah, Nur Meita Indah},
  year={2009}
}
@article{widiyati2011meningkatkan,
  title={MENINGKATKAN HASIL BELAJAR GEOGRAFI PADA MATERI SEJARAH PEMBENTUKAN BUMI DENGAN KARTU INDEKS DAN MEDIA FILM},
  author={Widiyati, Ana},
  journal={Jurnal Geografi Gea},
  volume={11},
  number={2},
  year={2011}
}
